@misc{thyroid,
  author = {UCI},
  title = {{Thyroid Disease Data Set }},
  howpublished = "\url{https://archive.ics.uci.edu/}",
  year = {1987}, 
  note = "[Online; accessed 12-April-2015]"
}

@misc{shuttle,
  author = {UCI},
  title = {{Statlog (Shuttle) Data Set}},
  howpublished = "\url{https://archive.ics.uci.edu/}",
  note = "[Online; accessed 12-April-2015]"
}

@inproceedings{ref3,
  title={Genotypic versus Behavioural Diversity for Teams of Programs Under the 4-v-3 Keepaway Soccer Task},
  author={Kelly, Stephen and Heywood, Malcolm I},
  booktitle={Twenty-Eighth AAAI Conference on Artificial Intelligence},
  year={2014}
}

@inproceedings{ref4,
  title={Fitness Sharing in Genetic Programming.},
  author={McKay, Robert I},
  booktitle={GECCO},
  pages={435--442},
  year={2000}
}